@String{pub-AW          = "Ad{\-d}i{\-s}on-Wes{\-l}ey"}
@String{pub-AW:adr      = "Reading, MA, USA"}

@misc{version_control,
  title = "Version Control",
  howpublished = "[on-line] \url{https://www.atlassian.com/git/tutorials/what-is-version-control}",
  note = {(29.12.2021)} ,
}

@misc{ci,
  title = "CI/CD",
  howpublished = "[on-line] \url{https://www.redhat.com/en/topics/devops/what-is-ci-cd}",
  note = {(29.12.2021)} ,
}

@misc{circleci,
  title = "CircleCI",
  howpublished = "[on-line] \url{https://circleci.com/}",
  note = {(29.12.2021)} ,
}

@misc{git,
  title = "Git",
  howpublished = "[on-line] \url{https://git-scm.com/}",
  note = {(29.12.2021)} ,
}

@misc{github,
  title = "GitHub",
  howpublished = "[on-line] \url{https://github.com/}",
  note = {(29.12.2021)} ,
}

@misc{aws,
  title = "Amazon Web Services",
  howpublished = "[on-line] \url{https://aws.amazon.com/}",
  note = {(29.12.2021)} ,
}

@misc{devops,
  title = "DevOps",
  howpublished = "[on-line] \url{https://www.atlassian.com/devops}",
  note = {(29.12.2021)} ,
}

@misc{evolution_algorithm,
  title = "Heuristic",
  howpublished = "[on-line] \url{https://towardsdatascience.com/introduction-to-evolutionary-algorithms-a8594b484ac}",
  note = {(29.12.2021)} ,
}

@misc{heuristic,
  title = "Heuristic",
  howpublished = "[on-line] \url{https://www.khanacademy.org/computing/ap-computer-science-principles/algorithms-101/solving-hard-problems/a/using-heuristics}",
  note = {(29.12.2021)} ,
}

@misc{np_hard,
  title = "NP-Hard problem",
  howpublished = "[on-line] \url{https://xlinux.nist.gov/dads/HTML/nphard.html}",
  note = {(29.12.2021)} ,
}

@misc{optimization_problem,
  title = "Optimization problem",
  howpublished = "[on-line] \url{https://xlinux.nist.gov/dads/HTML/optimization.html}",
  note = {(29.12.2021)} ,
}

@misc{asc,
  title = "a{S}c {T}ime{T}ables",
  howpublished = "[on-line] \url{https://www.asctimetables.com/#!/home}",
  note = {(29.12.2021)} ,
}

@misc{prime,
  title = "Prime {T}imetable",
  howpublished = "[on-line] \url{https://primetimetable.com/help/#overview&q}",
  note = {(29.12.2021)} ,
}

@misc{saas,
  title = "Super{S}aa{S}",
  howpublished = "[on-line] \url{https://www.supersaas.com/info/doc/getting_started}",
  note = {(29.12.2021)} ,
}

@misc{node,
  title = "Node.js",
  howpublished = "[on-line] \url{https://nodejs.org/en/about/}",
  note = {(29.12.2021)} ,
}

@misc{vue,
  title = "Vue.js",
  howpublished = "[on-line] \url{https://vuejs.org/v2/guide/}",
  note = {(29.12.2021)} ,
}

@misc{vuex,
  title = "Vuex",
  howpublished = "[on-line] \url{https://vuex.vuejs.org/}",
  note = {(29.12.2021)} ,
}

@misc{jest,
  title = "Jest",
  howpublished = "[on-line] \url{https://vue-test-utils.vuejs.org/guides/}",
  note = {(29.12.2021)} ,
}

@misc{jwt,
  title = "Json Web Tokens",
  howpublished = "[on-line] \url{https://jwt.io/introduction}",
  note = {(29.12.2021)} ,
}

@misc{postman,
  title = "Postman",
  howpublished = "[on-line] \url{https://www.postman.com/product/what-is-postman/}",
  note = {(29.12.2021)} ,
}

@misc{vscode,
  title = "Visual Studio Code",
  howpublished = "[on-line] \url{https://code.visualstudio.com/docs}",
  note = {(29.12.2021)} ,
}

@misc{axios,
  title = "Axios",
  howpublished = "[on-line] \url{https://vuejs.org/v2/cookbook/using-axios-to-consume-apis.html}",
  note = {(29.12.2021)} ,
}

@misc{boot,
  title = "Bootstrap",
  howpublished = "[on-line] \url{https://getbootstrap.com/docs/5.1/getting-started/introduction/}",
  note = {(29.12.2021)} ,
}

@misc{vuex2,
  title = "Schemat przep≈Çywu danych w Vuex",
  howpublished = "[on-line] \url{https://vuex.vuejs.org/vuex.png}",
  note = {(29.12.2021)} ,
}

@misc{opw,
  title = "One Page Wonder",
  howpublished = "[on-line] \url{https://startbootstrap.com/theme/one-page-wonder}",
  note = {(29.12.2021)} ,
}

